@inproceedings{ KyTea,
  title={Pointwise prediction for robust, adaptable Japanese morphological analysis},
  author={Neubig, Graham and Nakata, Yosuke and Mori, Shinsuke},
  booktitle={Proceedings of the 49th Annual Meeting of the Association for Computational Linguistics: Human Language Technologies: short papers-Volume 2},
  pages={529--533},
  year={2011},
  organization={Association for Computational Linguistics}
}

@ARTICLE{ BresnanMchombo87,
 author = "Joan Bresnan and Sam A. Mchombo",
 title = "Topic, Pronoun, and Agreement in {C}chiche{\^{w}}a: 
          A Case Study of Factorization in Grammar",
 journal = "Language",
 year = "1987",
 volume = "63",
 number = "4",
 pages = "741-782"
}

@BOOK{ VanValinLaPolla97,
 author = "Van Valin, Jr., Robert D. and Randy J. LaPolla",
 title = "Syntax: Structure, Meaning and Function",
 year = "1997",
 publisher = "Cambridge University Press",
 address = "Cambridge"
}

@INCOLLECTION{ Andrews07,
 author = "Avery D. Andrews",
 title = "The Major Functions of the Noun Phrase",
 booktitle = "Language Typology and Syntactic Description",
 volume = "1",
 edition = "Second",
 editor = "Timothy Shopen",
 year = "2007",
 pages = "132-223",
 publisher = "Cambridge University Press",
 address = "Cambridge"
}

@PHDTHESIS { Otoguro06,
 author = "Ryo Otoguro",
 title = "Morphosyntax of Case: A Theoretical Investigation
          of the Concept",
 year = "2006",
 school = "University of Essex"
}

@INPROCEEDINGS { LuisOtoguro04,
 author = "Ana R. Lu{\'{\i}}s and Ryo Otoguro",
 title = "Proclitic Contexts in {E}uropean {P}ortuguese and
          their Effect on Clitic Placement",
 booktitle = "Proceedings of the {LFG}04 Conference",
 editor = "Miriam Butt and Tracy Holloway King",
 year = "2004",
 pages = "334-353",
 publisher = "CSLI Publications",
 address = "Stanford, CA"
}
 
@UNPUBLISHED { Fillmoreetalms,
 author = "Charles Fillmore and Paul Kay and Laura Michaelis
           and Ivan A. Sag",
 title = "{S}ign-{B}ased {C}onstruction {G}rammar",
 year = "2007",
 note = "University California, Berkely, 
         University of Colorado, Boulder 
         and Stanford University"
}

